

@misc{palin,
  title = {{Palin} e-mail hacker says it was easy},
  author = {Kim Zetter},
  month = {September 19,},
  year = 2008,
  journal = {Wired},
  howpublished = {\url{https://www.wired.com/2008/09/palin-e-mail-ha/}}
}

@misc{honan,
  title = {How {Apple} and {Amazon} Security Flaws Led to My Epic Hacking},
  author = {Mat Honan},
  journal = {Wired},
  year = 2012,
  month = {August 6,},
  howpublished = {\url{https://www.wired.com/2012/08/apple-amazon-mat-honan-hacking/}}
}

@misc{icloud,
  author = {J. Trew},
  title = {`{Find My iPhone}' exploit may be to blame for celebrity photo hacks (update)},
  year = 2014,
  month = sep,
  howpublished = {\url{https://www.engadget.com/2014-09-01-find-my-iphone-exploit.html}},
}

@article{DH77,
  title={Exhaustive Cryptanalysis of the {NBS} Data Encryption Standard},
  author={Diffie, Whitfield and Hellman, Martin E.},
  journal={Computer},
  volume={6},
  number={10},
  pages={74--84},
  year={1977}
}

@misc{flickr,
  title = {{Flickr's} {API} Signature Forgery Vulnerability},
  author = {Thai Duong and Juliano Rizzo},
  year = 2009,
  month = {September 14,},
  howpublished = {\url{https://vnhacker.blogspot.com/2009/09/flickrs-api-signature-forgery.html}}
}

@article{DH76,
  title={New Directions in Cryptography},
  author={Diffie, Whitfield and Hellman, Martin E},
  journal={Transactions on Information Theory},
  publisher={IEEE},
  volume={22},
  number={6},
  year={1976}
}

@techreport{L79,
author = {Lamport, Leslie},
title = {Constructing Digital Signatures from a One Way Function},
year = {1979},
month = oct
}

@Article{hill:spectre-meltdown,
  author        = {Mark D. Hill and Jon Masters and Parthasarathy Ranganathan
                  and Paul Turner and John L. Hennessy},
  journal       = {IEEE Micro},
  title         = {On the {Spectre} and {Meltdown} Processor Security
                  Vulnerabilities},
  year          = 2019,
  volume        = {39},
  number        = {2},
  pages         = {9-19},
}               

@InProceedings{motoyama:recaptchas,
  title = {Re: {CAPTCHAs}---Understanding {CAPTCHA}-Solving Services in an Economic Context},
  author = {Marti Motoyama and Kirill Levchenko and Chris Kanich and Damon McCoy and Geoffrey M. Voelker and Stefan Savage},
  booktitle = {Proceedings of the 19th {USENIX} Security Symposium},
  month = aug,
  year = 2010,
  address = {Washington, DC},
}

@inproceedings{lenstra:universal,
  title={Universal security},
  author={Lenstra, Arjen K and Kleinjung, Thorsten and Thom{\'e}, Emmanuel},
  booktitle={Number Theory and Cryptography},
  year=2013
}

@inproceedings{yilek2009private,
  title={When private keys are public: Results from the 2008 {Debian OpenSSL} vulnerability},
  author={Yilek, Scott and Rescorla, Eric and Shacham, Hovav and Enright, Brandon and Savage, Stefan},
  booktitle={SIGCOMM},
  year={2009}
}

@inproceedings{nemec2017return,
  Author        = {Matus Nemec and Marek Sys and Petr Svenda and Dusan Klinec and Vashek Matyas},
  Title         = {The Return of {Coppersmith's} Attack: Practical Factorization of Widely Used {RSA} Moduli},
  BookTitle     = {CCS},
  year          = {2017}
}

@article{CW81,
  title={New hash functions and their use in authentication and set equality},
  author={Wegman, Mark N and Carter, J Lawrence},
  journal={Journal of computer and system sciences},
  volume={22},
  number={3},
  year={1981}
}

@inproceedings{muller2019practical,
  title={Practical decryption exfiltration: Breaking pdf encryption},
  author={M{\"u}ller, Jens and Ising, Fabian and Mladenov, Vladislav and Mainka, Christian and Schinzel, Sebastian and Schwenk, J{\"o}rg},
  booktitle={ACM CCS},
  year={2019}
}

@inproceedings{koscher2010experimental,
  title={Experimental security analysis of a modern automobile},
  author={Koscher, Karl and Czeskis, Alexei and Roesner, Franziska and Patel, Shwetak and Kohno, Tadayoshi and Checkoway, Stephen and McCoy, Damon and Kantor, Brian and Anderson, Danny and Shacham, Hovav and others},
  booktitle={IEEE Symposium on Security and Privacy},
  year={2010}
}

@article{thompson1984reflections,
  title={Reflections on trusting trust},
  author={Thompson, Ken},
  journal={Communications of the ACM},
  volume={27},
  number={8},
  year={1984}
}

@article{HILL99,
  author = {J. Hastad and R. Impagliazzo and L.A. Levin and M. Luby},
  title = {A Pseudorandom Generator from any One-way Function},
  journal = {SIAM Journal on Computing},
  volume = 28,
  number = 4,
  pages = {1364--1396},
  year = 1999,
}


@article{RSA,
  title={A method for obtaining digital signatures and public-key cryptosystems},
  author={Rivest, Ronald L. and Shamir, Adi and Adleman, Leonard},
  journal={Communications of the ACM},
  volume={21},
  number={2},
  pages={120--126},
  year={1978},
  publisher={ACM New York, NY, USA}
}

@article{G77,
  title={A new kind of cipher that would take millions of years to break},
  author={Gardner, Martin},
  journal={Scientific American},
  volume={237},
  number={8},
  pages={120--124},
  year={1977}
}


@article{M78,
  title={Secure communications over insecure channels},
  author={Merkle, Ralph C.},
  journal={Communications of the ACM},
  volume={21},
  number={4},
  pages={294--299},
  year={1978},
  publisher={ACM New York, NY, USA},
  note={See original project report at \url{https://www.ralphmerkle.com/1974/}}
}

@article{K88,
  title={Historical development of the {Chinese} {Remainder Theorem}},
  author={Kangsheng, Shen},
  journal={Archive for History of Exact Sciences},
  pages={285--305},
  year={1988}
}

@inproceedings{BR93,
  title={Random oracles are practical: A paradigm for designing efficient protocols},
  author={Bellare, Mihir and Rogaway, Phillip},
  booktitle={ACM Conference on Computer and Communications Security},
  year={1993}
}

@article{lenstra2000integer,
  title={Integer factoring},
  author={Lenstra, Arjen K},
  journal={Designs Codes, and Cryptography},
  volume={19},
  number={2/3},
  year={2000}
}

@article{granville2008smooth,
  title={Smooth numbers: computational number theory and beyond},
  author={Granville, Andrew},
  journal={Algorithmic number theory: lattices, number fields, curves and cryptography},
  volume={44},
  pages={267--323},
  year={2008}
}

@inproceedings{bittau2014hacking,
  title={Hacking blind},
  author={Bittau, Andrea and Belay, Adam and Mashtizadeh, Ali and Mazi{\`e}res, David and Boneh, Dan},
  booktitle={IEEE Symposium on Security and Privacy},
  pages={227--242},
  year={2014},
  organization={IEEE}
}

