

@misc{palin,
  title = {{Palin} e-mail hacker says it was easy},
  author = {Kim Zetter},
  month = {September 19,},
  year = 2008,
  journal = {Wired},
  howpublished = {\url{https://www.wired.com/2008/09/palin-e-mail-ha/}}
}

@misc{honan,
  title = {How {Apple} and {Amazon} Security Flaws Led to My Epic Hacking},
  author = {Mat Honan},
  journal = {Wired},
  year = 2012,
  month = {August 6,},
  howpublished = {\url{https://www.wired.com/2012/08/apple-amazon-mat-honan-hacking/}}
}

@article{DH77,
  title={Exhaustive Cryptanalysis of the {NBS} Data Encryption Standard},
  author={Diffie, Whitfield and Hellman, Martin E.},
  journal={Computer},
  volume={6},
  number={10},
  pages={74--84},
  year={1977}
}

@misc{flickr,
  title = {{Flickr's} {API} Signature Forgery Vulnerability},
  author = {Thai Duong and Juliano Rizzo},
  year = 2009,
  month = {September 14,},
  howpublished = {\url{https://vnhacker.blogspot.com/2009/09/flickrs-api-signature-forgery.html}}
}

@article{DH76,
  title={New Directions in Cryptography},
  author={Diffie, Whitfield and Hellman, Martin E},
  journal={Transactions on Information Theory},
  publisher={IEEE},
  volume={22},
  number={6},
  year={1976}
}

